<record><leader>00000cas a22000007a 4500</leader><controlfield tag="001">18736221</controlfield><controlfield tag="008">881110d19061907idudn ne      0   a0eng d</controlfield><datafield ind1=" " ind2=" " tag="010"><subfield code="a">sn 88056096 </subfield></datafield><datafield ind1=" " ind2=" " tag="040"><subfield code="a">NVB</subfield><subfield code="b">eng</subfield><subfield code="c">NVB</subfield><subfield code="d">OCLCQ</subfield><subfield code="d">OCLCF</subfield><subfield code="d">DLC</subfield></datafield><datafield ind1="0" ind2=" " tag="022"><subfield code="a">2377-603X</subfield><subfield code="2">1</subfield></datafield><datafield ind1=" " ind2=" " tag="042"><subfield code="a">msc</subfield><subfield code="a">nsdp</subfield></datafield><datafield ind1=" " ind2=" " tag="043"><subfield code="a">n-us-id</subfield></datafield><datafield ind1="0" ind2="0" tag="050"><subfield code="a">Newspaper</subfield></datafield><datafield ind1="0" ind2="0" tag="082"><subfield code="a">071</subfield><subfield code="2">23</subfield></datafield><datafield ind1="0" ind2=" " tag="130"><subfield code="a">Coeur d'Alene press (1906)</subfield></datafield><datafield ind1=" " ind2="4" tag="222"><subfield code="a">The Coeur d'Alene press</subfield><subfield code="b">(1906. Print)</subfield></datafield><datafield ind1="1" ind2="4" tag="245"><subfield code="a">The Coeur d'Alene press.</subfield></datafield><datafield ind1=" " ind2=" " tag="260"><subfield code="a">Coeur d'Alene, Idaho :</subfield><subfield code="b">Press Pub. Co.</subfield></datafield><datafield ind1=" " ind2=" " tag="300"><subfield code="a">v.</subfield></datafield><datafield ind1=" " ind2=" " tag="310"><subfield code="a">Daily (except Sun.)</subfield></datafield><datafield ind1="0" ind2=" " tag="362"><subfield code="a">Vol. 1, no. 1 (Aug. 6, 1906)-v.2, no. 87 (Nov. 16, 1907).</subfield></datafield><datafield ind1=" " ind2=" " tag="530"><subfield code="a">Archived issues are available in digital format from the Library of Congress Chronicling America online collection.</subfield></datafield><datafield ind1=" " ind2=" " tag="580"><subfield code="a">Weekly ed.: The Coeur d'Alene press.</subfield></datafield><datafield ind1=" " ind2="0" tag="651"><subfield code="a">Coeur d'Alene (Idaho)</subfield><subfield code="v">Newspapers.</subfield></datafield><datafield ind1=" " ind2="7" tag="651"><subfield code="a">Idaho</subfield><subfield code="z">Coeur d'Alene.</subfield><subfield code="2">fast</subfield><subfield code="0">(OCoLC)fst01219982</subfield></datafield><datafield ind1=" " ind2="7" tag="655"><subfield code="a">Newspapers.</subfield><subfield code="2">fast</subfield><subfield code="0">(OCoLC)fst01423814</subfield></datafield><datafield ind1=" " ind2=" " tag="752"><subfield code="a">United States</subfield><subfield code="b">Idaho</subfield><subfield code="c">Kootenai</subfield><subfield code="d">Coeur d'Alene.</subfield></datafield><datafield ind1="1" ind2=" " tag="775"><subfield code="t">Coeur d'Alene press</subfield><subfield code="w">(DLC)sn 88056095</subfield></datafield><datafield ind1="0" ind2="8" tag="776"><subfield code="i">Online version:</subfield><subfield code="t">Coeur d'Alene press (1906)</subfield><subfield code="x">2377-6048</subfield><subfield code="w">(DLC)  2015218559</subfield></datafield><datafield ind1="0" ind2="0" tag="785"><subfield code="t">Coeur d'Alene evening press</subfield><subfield code="x">2377-5971</subfield><subfield code="w">(DLC)sn 88056094</subfield><subfield code="w">(OCoLC)18736119</subfield></datafield><datafield ind1="4" ind2="1" tag="856"><subfield code="u">http://www.loc.gov/chroniclingamerica/lccn/sn88056096/issues</subfield></datafield></record>